% This file was created with Citavi 6.4.0.35

@misc{.05.06.2020,
	abstract = {{\textquotedbl} data-react-helmet=},
	year = {05.06.2020},
	title = {Kafka},
	url = {https://docs.axoniq.io/reference-guide/extensions/kafka},
	urldate = {2020-06-05}
}


@proceedings{.08.09.201412.09.2014,
	year = {08.09.2014 - 12.09.2014},
	title = {2014 Ninth International Conference on Availability, Reliability and Security},
	publisher = {IEEE}
}


@misc{.25.09.2015,
	year = {25.09.2015},
	title = {http://stomp.github.io/stomp-specification-1.2.html},
	url = {http://stomp.github.io/stomp-specification-1.2.html},
	urldate = {2020-05-29}
}


@misc{.5292020,
	year = {29.05.2020},
	title = {Scaling Graphite},
	url = {https://allegro.tech/2015/09/scaling-graphite.html},
	urldate = {2020-05-30}
}


@misc{1&1IONOSSE.2020,
	abstract = {Googles gRPC steht f{\"u}r die modernste Form der Interprozesskommunikation. Wie ver{\"a}ndern HTTP/2 und Protocol Buffers die M{\"o}glichkeiten in verteilten Client-Server-Architekturen?},
	author = {{1{\&}1 IONOS SE}},
	year = {2020},
	title = {gRPC -- Wegbereiter f{\"u}r die Client-Server-Kommunikation der Zukunft},
	url = {https://www.ionos.de/digitalguide/server/knowhow/grpc-vorgestellt/},
	urldate = {2020-05-26}
}


@misc{AjmalKaruthakantakath.2016,
	abstract = {{{ service.description }}},
	author = {{Ajmal Karuthakantakath}},
	year = {2016},
	title = {Kafka Clients (At-Most-Once, At-Least-Once, Exactly-Once, and Avro Client)},
	url = {https://dzone.com/articles/kafka-clients-at-most-once-at-least-once-exactly-o},
	urldate = {2020-06-01}
}


@misc{AltexSoft.2019,
	abstract = {When you talk about API design, the first thing that probably comes to mind is Representational State Transfer (REST). A standard for data retrieval from the se},
	author = {AltexSoft},
	year = {2019},
	title = {GraphQL: Core Features, Architecture, Pros and Cons},
	url = {https://www.altexsoft.com/blog/engineering/graphql-core-features-architecture-pros-and-cons/},
	urldate = {2020-05-27}
}


@misc{AndrewBanks.2014,
	author = {{Andrew Banks}, Rahul Gupta},
	year = {2014},
	title = {MQTT Version 3.1.1},
	url = {http://docs.oasis-open.org/mqtt/mqtt/v3.1.1/os/mqtt-v3.1.1-os.html},
	urldate = {2020-05-29}
}


@misc{AnkitKumar.2019,
	abstract = {{{ service.description }}},
	author = {{Ankit Kumar}},
	year = {2019},
	title = {Microservices With Node.js: Scalable, Superior, and Secure Apps: Scale down you microservices.},
	url = {https://dzone.com/articles/microservices-with-nodejs-scalable-superior-and-se},
	urldate = {2020-06-04}
}


@misc{ApacheKafka.01.06.2020,
	abstract = {Apache Kafka: A Distributed Streaming Platform.},
	author = {{Apache Kafka}},
	year = {01.06.2020},
	title = {Apache Kafka Introduction},
	url = {https://kafka.apache.org/intro},
	urldate = {2020-06-01}
}


@inproceedings{Aziz.08.09.201412.09.2014,
	abstract = {2014 Ninth International Conference on Availability, Reliability and Security;2014; ; ;10.1109/ARES.2014.15},
	author = {Aziz, Benjamin},
	title = {A Formal Model and Analysis of the MQ Telemetry Transport Protocol},
	url = {https://ieeexplore.ieee.org/abstract/document/6980264},
	urldate = {2020-07-06},
	pages = {59--68},
	bookpagination = {page},
	publisher = {IEEE},
	booktitle = {2014 Ninth International Conference on Availability, Reliability and Security},
	year = {08.09.2014 - 12.09.2014},
	doi = {10.1109/ARES.2014.15},
	file = {637271406158620380.pdf},
	file = {http://ieeexplore.ieee.org/document/6980264/}
}


@misc{Berman.2018,
	abstract = {{{ service.description }}},
	author = {Berman, Daniel},
	year = {2018},
	title = {Prometheus vs. Graphite: Which Should You Choose for Time Series or Monitoring ?},
	url = {https://dzone.com/articles/prometheus-vs-graphite-which-should-you-choose-for},
	urldate = {2020-05-29}
}


@misc{Brazil.2015,
	author = {Brazil, Brian},
	year = {2015},
	title = {Scaling and Federating Prometheus -- Robust Perception},
	url = {https://www.robustperception.io/scaling-and-federating-prometheus},
	urldate = {2020-05-30}
}


@book{Bruce.2019,
	author = {Bruce, Morgan and Pereira, Paulo A.},
	year = {2019},
	title = {Microservices in action},
	keywords = {Computer software   Development;Service-oriented architecture (Computer science)},
	address = {Shelter Island},
	publisher = {{Manning Publications}},
	isbn = {9781617294457},
	file = {c3d451d8-b472-45ad-b842-489c83dc7679:C\:\\Users\\310299627\\AppData\\Local\\Swiss Academic Software\\Citavi 6\\ProjectCache\\y1mo3n6mha0ad4nln5dua384ajzbxizovmz6wiyo1uno6jrrxow\\Citavi Attachments\\c3d451d8-b472-45ad-b842-489c83dc7679.pdf:pdf}
}


@book{Buna.2016,
	author = {Buna, Samer},
	year = {2016},
	title = {Learning GraphQL and Relay: Build data-driven React applications with ease using GraphQL and Relay},
	url = {http://proquest.tech.safaribooksonline.de/9781786465757},
	address = {Birmingham, UK},
	publisher = {{Packt Publishing}},
	isbn = {9781786465757},
	series = {Community experience distilled},
	file = {8928a02c-0ed3-4657-bf72-dd991e42549a:C\:\\Users\\310299627\\AppData\\Local\\Swiss Academic Software\\Citavi 6\\ProjectCache\\y1mo3n6mha0ad4nln5dua384ajzbxizovmz6wiyo1uno6jrrxow\\Citavi Attachments\\8928a02c-0ed3-4657-bf72-dd991e42549a.pdf:pdf}
}


@inproceedings{Castro.2008,
	abstract = {2008 Mexican International Conference on Computer Science;2008; ; ;10.1109/ENC.2008.40},
	author = {Castro, John W. and Acu{\~n}a, Silvia T. and Juristo, Natalia},
	title = {Integrating the Personas Technique into the Requirements Analysis Activity},
	urldate = {2020-05-20},
	pages = {104--112},
	bookpagination = {page},
	publisher = {IEEE},
	isbn = {978-0-7695-3439-8},
	editor = {Gelbukh, Alexander},
	booktitle = {Mexican International Conference on Computer Science, 2008},
	year = {2008},
	address = {Piscataway, NJ},
	doi = {10.1109/ENC.2008.40},
	file = {http://ieeexplore.ieee.org/document/4653245/},
	file = {142cbe38-af22-4a5c-8bb0-af530449b1b4:C\:\\Users\\310299627\\AppData\\Local\\Swiss Academic Software\\Citavi 6\\ProjectCache\\y1mo3n6mha0ad4nln5dua384ajzbxizovmz6wiyo1uno6jrrxow\\Citavi Attachments\\142cbe38-af22-4a5c-8bb0-af530449b1b4.pdf:pdf}
}


@misc{Columbus.20181104T12:45:03.42905:00,
	abstract = {IDC's top 10 predictions for worldwide IT in 2019 include the forecast AI solutions will permeate enterprise applications and deliver over {\$}52B in global market revenue by 2021, attaining a compound annual growth rate (CAGR) to 46.2{\%} through 2021.},
	author = {Columbus, Louis},
	year = {11/04/2018 17:45:03},
	title = {IDC Top 10 Predictions For Worldwide IT, 2019},
	url = {https://www.forbes.com/sites/louiscolumbus/2018/11/04/idc-top-10-predictions-for-worldwide-it-2019/},
	keywords = {{\textquotedbl}{\textgreater}{\textless}meta name;{\textquotedbl}{\textgreater}{\textless}script type},
	urldate = {5/14/2020}
}


@misc{Davis.08.05.2020,
	author = {Davis, Chris and {The Graphite Project}},
	year = {08.05.2020},
	title = {FAQ --- Graphite},
	url = {https://graphite.readthedocs.io/en/stable/faq.html},
	urldate = {2020-05-29}
}


@misc{Davis.08.05.2020b,
	author = {Davis, Chris and {The Graphite Project}},
	year = {08.05.2020},
	title = {Overview --- Graphite},
	url = {https://graphite.readthedocs.io/en/stable/overview.html},
	urldate = {2020-05-29}
}


@misc{Davis.08.05.2020c,
	author = {Davis, Chris and {The Graphite Project}},
	year = {08.05.2020},
	title = {Feeding In Your Data --- Graphite 1.1.7 documentation},
	url = {https://graphite.readthedocs.io/en/stable/feeding-carbon.html},
	urldate = {2020-05-29}
}


@misc{Davis.08.05.2020d,
	author = {Davis, Chris and {The Graphite Project}},
	year = {08.05.2020},
	title = {Tools That Work With Graphite},
	url = {https://graphite.readthedocs.io/en/latest/tools.html},
	urldate = {2020-05-29}
}


@book{Dixon.2017,
	author = {Dixon, Jason},
	year = {2017},
	title = {Monitoring with Graphite: Tracking dynamic host and application metrics at scale /   Jason Dixon},
	price = {{\pounds}29.99},
	address = {Beijing},
	edition = {First edition},
	publisher = {O'Reilly},
	isbn = {9781491916438},
	file = {8243f553-3970-481b-aabb-4cb1e64e28f3:C\:\\Users\\310299627\\AppData\\Local\\Swiss Academic Software\\Citavi 6\\ProjectCache\\y1mo3n6mha0ad4nln5dua384ajzbxizovmz6wiyo1uno6jrrxow\\Citavi Attachments\\8243f553-3970-481b-aabb-4cb1e64e28f3.pdf:pdf}
}


@inproceedings{Dobbelaere.2017,
	author = {Dobbelaere, Philippe and Esmaili, Kyumars Sheykh},
	title = {Kafka versus RabbitMQ},
	url = {https://dl.acm.org/doi/pdf/10.1145/3093742.3093908},
	urldate = {2020-05-30},
	pages = {227--238},
	bookpagination = {page},
	publisher = {ACM},
	isbn = {9781450350655},
	editor = {Engineering, A. Special Interest Group on SoftwareC.M. and Data, A. Special Interest Group on Management ofC.M.},
	booktitle = {Proceedings of the 11th ACM International Conference on Distributed and Event-based Systems},
	year = {2017},
	address = {[Place of publication not identified]},
	doi = {10.1145/3093742.3093908},
	file = {Dobbelaere, Esmaili 2017 - Kafka versus RabbitMQ.pdf},
	file = {http://dl.acm.org/citation.cfm?doid=3093742}
}


@misc{DockerInc.05.06.2020,
	author = {{Docker Inc}},
	year = {05.06.2020},
	title = {Explore - Docker Hub},
	url = {https://hub.docker.com/search?q=kafka&type=image},
	urldate = {2020-06-05}
}


@article{Doerrfeld.2018,
	author = {Doerrfeld, Bill and Sandoval, Kristopher and Wood, Chris},
	year = {2018},
	title = {GraphQL or Bust},
	url = {https://19yw4b240vb03ws8qm25h366-wpengine.netdna-ssl.com/wp-content/uploads/GraphQL-or-Bust-2018.pdf},
	urldate = {2020-05-27},
	pages = {125},
	pagination = {page},
	file = {f91968b9-24b9-4f67-a760-c2afa54cac43:C\:\\Users\\310299627\\AppData\\Local\\Swiss Academic Software\\Citavi 6\\ProjectCache\\y1mo3n6mha0ad4nln5dua384ajzbxizovmz6wiyo1uno6jrrxow\\Citavi Attachments\\f91968b9-24b9-4f67-a760-c2afa54cac43.pdf:pdf}
}


@misc{Dubiel.29.05.2020,
	author = {Dubiel, Adam},
	year = {29.05.2020},
	title = {Scaling Graphite},
	url = {https://allegro.tech/2015/09/scaling-graphite.html},
	urldate = {2020-05-30}
}


@incollection{Engel.2018,
	author = {Engel, Thomas and Langermeier, Melanie and Bauer, Bernhard and Hofmann, Alexander},
	title = {Evaluation of Microservice Architectures: A Metric and Tool-Based Approach},
	pages = {74--89},
	bookpagination = {page},
	volume = {317},
	publisher = {Springer},
	isbn = {978-3-319-92900-2},
	series = {Lecture Notes in Business Information Processing,   1865-1348},
	editor = {Mendling, Jan and Mouratidis, Haralambos. editor},
	booktitle = {Information systems in the big data era},
	year = {2018},
	address = {Cham},
	doi = {10.1007/978-3-319-92901-9_8},
	file = {41aeab2e-2064-44da-9c35-c458807eb10d:C\:\\Users\\310299627\\AppData\\Local\\Swiss Academic Software\\Citavi 6\\ProjectCache\\y1mo3n6mha0ad4nln5dua384ajzbxizovmz6wiyo1uno6jrrxow\\Citavi Attachments\\41aeab2e-2064-44da-9c35-c458807eb10d.pdf:pdf}
}


@proceedings{Engineering.2017,
	abstract = {Annotation},
	year = {2017},
	title = {Proceedings of the 11th ACM International Conference on Distributed and Event-based Systems},
	address = {[Place of publication not identified]},
	publisher = {ACM},
	isbn = {9781450350655},
	editor = {Engineering, A. Special Interest Group on SoftwareC.M. and Data, A. Special Interest Group on Management ofC.M.},
	doi = {10.1145/3093742}
}


@misc{EnterpriseArchitectforcloudbasedinfrastructure.20.05.2020,
	author = {{Nico Vogel}},
	year = {2020-05-20},
	title = {What is important for an operator in a distributed communication system?},
	howpublished = {Call}
}


@misc{Erez.2019,
	author = {Erez, Rabih},
	year = {2019},
	title = {From Graphite To Prometheus --- Things I've Learned - Nanit Engineering},
	url = {https://engineering.nanit.com/from-graphite-to-prometheus-things-ive-learned-e1d1e4b97fc},
	urldate = {2020-05-31}
}


@misc{Esposito.2019,
	author = {Esposito, Dino},
	year = {2019},
	title = {Cutting Edge - Using gRPC in a Microservice Architecture},
	url = {https://docs.microsoft.com/en-us/archive/msdn-magazine/2019/october/cutting-edge-using-grpc-in-a-microservice-architecture},
	urldate = {2020-05-31}
}


@misc{Ewaschuk.02.12.2019,
	author = {Ewaschuk, Rob and Beyer, Betsy},
	year = {02.12.2019},
	title = {Google - Site Reliability Engineering},
	url = {https://landing.google.com/sre/sre-book/chapters/monitoring-distributed-systems/},
	urldate = {2020-05-29}
}


@misc{Fichtner.2016,
	abstract = {W{\"a}hrend das Monitoring bei einer monolithischen Anwendung noch recht {\"u}bersichtlich ist, m{\"u}ssen im Microservice-Ansatz mehrere Systeme {\"u}berwacht werden.},
	author = {Fichtner, Vitali},
	year = {2016},
	title = {Microservices brauchen ein neues Monitoring},
	url = {https://jaxenter.de/microservices-monitoring-48239},
	urldate = {2020-05-29}
}


@phdthesis{Fielding.15.03.2002,
	author = {Fielding, Roy},
	year = {2002-03-15},
	title = {Chapter 5: Representational State Transfer (REST)},
	url = {https://www.ics.uci.edu/~fielding/pubs/dissertation/rest_arch_style.htm},
	urldate = {2020-05-24}
}


@article{Ford.2018,
	author = {Ford, Neal},
	year = {2018},
	title = {The State of Microservices Maturity},
	url = {https://tsh.io/state-of-microservices-2020-by-tsh.pdf},
	urldate = {2020-05-18},
	file = {e23af09f-5f87-4769-b13e-6c4a1180c587:C\:\\Users\\310299627\\AppData\\Local\\Swiss Academic Software\\Citavi 6\\ProjectCache\\y1mo3n6mha0ad4nln5dua384ajzbxizovmz6wiyo1uno6jrrxow\\Citavi Attachments\\e23af09f-5f87-4769-b13e-6c4a1180c587.pdf:pdf;0adbd1df-07a9-4c99-b1de-b85c08855efd:C\:\\Users\\310299627\\AppData\\Local\\Swiss Academic Software\\Citavi 6\\ProjectCache\\y1mo3n6mha0ad4nln5dua384ajzbxizovmz6wiyo1uno6jrrxow\\Remote Attachments\\0adbd1df-07a9-4c99-b1de-b85c08855efd.pdf:pdf}
}


@misc{Fowler.2010,
	author = {Fowler, Martin},
	year = {2010},
	title = {Richardson Maturity Model},
	url = {https://martinfowler.com/articles/richardsonMaturityModel.html},
	urldate = {2020-05-24}
}


@misc{Frazier.2019,
	author = {Frazier, Shevaun},
	year = {2019},
	title = {Prometheus or Graphite: What should I choose?},
	url = {https://www.metricfire.com/blog/prometheus-or-graphite},
	urldate = {2020-05-31}
}


@proceedings{Gelbukh.2008,
	year = {2008},
	title = {Mexican International Conference on Computer Science, 2008: ENC '08 ; 6 - 10 Oct. 2008, Mexicali, Baja California, Mexico ; proceedings ; 50th anniversary of computer science in Mexico},
	address = {Piscataway, NJ},
	publisher = {IEEE},
	isbn = {978-0-7695-3439-8},
	editor = {Gelbukh, Alexander},
	institution = {{Mexican International Conference on Computer Science} and ENC}
}


@misc{Giro.2019,
	abstract = {{{ service.description }}},
	author = {Giro, Juan I.},
	year = {2019},
	title = {Communication Between Microservices},
	url = {https://dzone.com/articles/communication-between-microservices},
	urldate = {2020-05-24}
}


@misc{gRPCAuthors.01.06.2020,
	abstract = {A high-performance, open source universal RPC framework},
	author = {{gRPC Authors}},
	year = {01.06.2020},
	title = {gRPC Motivation and Design Principles},
	url = {https://grpc.io/blog/principles/},
	urldate = {2020-06-01}
}


@misc{gRPCAuthors.25.05.2020,
	abstract = {Who is using it, why they're using it, and which platforms support it},
	author = {{gRPC Authors}},
	year = {25.05.2020},
	title = {About gRPC},
	url = {https://grpc.io/about/},
	urldate = {2020-05-25}
}


@misc{gRPCAuthors.25.05.2020b,
	abstract = {Task-oriented walkthroughs of common use cases},
	author = {{gRPC Authors}},
	year = {25.05.2020},
	title = {Guides Overview},
	url = {https://grpc.io/docs/guides/},
	urldate = {2020-05-25}
}


@misc{gRPCAuthors.25.05.2020c,
	abstract = {This guide gets you started with gRPC in Java with a simple working example.},
	author = {{gRPC Authors}},
	year = {25.05.2020},
	title = {Java Quick Start},
	url = {https://grpc.io/docs/quickstart/java/},
	urldate = {2020-05-25}
}


@misc{gRPCAuthors.25.05.2020d,
	abstract = {A high-performance, open source universal RPC framework},
	author = {{gRPC Authors}},
	year = {25.05.2020},
	title = {FAQ},
	url = {https://grpc.io/faq/},
	urldate = {2020-05-25}
}


@book{Hillar.2017,
	author = {Hillar, Gast{\'o}n C.},
	year = {2017},
	title = {MQTT essentials: A lightweight IoT protocol : the preferred IoT publish-subscribe lightweight messaging protocol /   Gast{\'o}n C. Hillar},
	address = {Birmingham, UK},
	publisher = {{Packt Publishing}},
	isbn = {9781787287815}
}


@book{Hofmann.2016,
	abstract = {R{\'e}sum{\'e} : Covering Microservices best practices for Java, this IBM Redbooks publication focuses on creating cloud native applications using the latest version of IBM WebSphere Application Server Liberty, IBM Bluemix and other Open Source Frameworks in the Microservices ecosystem. --},
	author = {Hofmann, Michael and Schnabel, Erin and Stanley, Katherine},
	year = {2016},
	title = {Microservices Best Practices for Java},
	url = {https://books.google.de/books?id=KdSrDQAAQBAJ&pg=PA34},
	address = {[Place of publication not identified]},
	publisher = {{IBM Corporation}},
	isbn = {9780738442273},
	series = {IBM redbooks},
	institution = {{International Business Machines Corporation}}
}


@misc{influxdata.2019,
	author = {influxdata},
	year = {2019},
	title = {Benchmarking InfluxDB vs. Graphite for Time Series Data Metrics {\&} Management},
	url = {https://get.influxdata.com/rs/972-GDU-533/images/InfluxDB_vs_Graphite.pdf},
	urldate = {2020-05-30}
}


@misc{influxdata.2020,
	abstract = {InfluxDB Enterprise is run by you on your infrastructure -- on-premises, private cloud, public cloud, or edge. It turns any InfluxDB instance into a production-ready cluster that can run anywhere. Unique features include high availability, horizontal scalability and incremental backup.},
	author = {influxdata},
	year = {2020},
	title = {InfluxDB Enterprise},
	url = {https://www.influxdata.com/products/influxdb-enterprise/},
	urldate = {2020-05-30}
}


@misc{JayKreps.2015,
	author = {{Jay Kreps}},
	year = {2015},
	title = {Why Avro for Kafka Data? - Confluent},
	url = {https://www.confluent.io/blog/avro-kafka-data/},
	urldate = {2020-06-05}
}


@book{Kumar.2017,
	author = {Kumar, Manish and Singh, Chanchal},
	year = {2017},
	title = {Building data streaming applications with Apache Kafka},
	price = {{\pounds}29.99},
	address = {Birmingham},
	publisher = {{Packt Publishing}},
	isbn = {9781787287631}
}


@misc{Lombard.2018,
	author = {Lombard, Jeff},
	year = {2018},
	title = {When and why to use GraphQL},
	url = {https://medium.com/@JeffLombardJr/when-and-why-to-use-graphql-24f6bce4839d},
	urldate = {2020-05-27}
}


@article{Loschwitz.2018,
	abstract = {Prometheus Add-Ons},
	author = {Loschwitz, Martin},
	year = {2018},
	title = {Make better use of Prometheus with  Grafana, Telegraf, and Alerta},
	url = {https://www.admin-magazine.com/Archive/2018/46/Make-better-use-of-Prometheus-with-Grafana-Telegraf-and-Alerta},
	urldate = {2020-05-29},
	number = {46},
	journal = {ADMIN}
}


@misc{Mamczur.2020,
	author = {Mamczur, Patryk},
	editor = {{The Software House}},
	year = {2020},
	title = {State of Microservices 2020},
	url = {https://tsh.io/state-of-microservices-2020-by-tsh.pdf},
	urldate = {2020-05-18},
	file = {1167bba0-59a7-4d1f-9391-d935e3ed5b78:C\:\\Users\\310299627\\AppData\\Local\\Swiss Academic Software\\Citavi 6\\ProjectCache\\y1mo3n6mha0ad4nln5dua384ajzbxizovmz6wiyo1uno6jrrxow\\Citavi Attachments\\1167bba0-59a7-4d1f-9391-d935e3ed5b78.pdf:pdf}
}


@misc{ManagingSolutionArchitect.20.05.2020,
	author = {{Nico Vogel}},
	year = {2020-05-20},
	title = {What is important for a developer in a distributed communication system?},
	howpublished = {Call}
}


@book{Mendling.2018,
	year = {2018},
	title = {Information systems in the big data era: CAiSE Forum 2018, Tallinn, Estonia, June 11-15, 2018, Proceedings /   edited by Jan Mendling, Haralambos Mouratidis},
	address = {Cham},
	volume = {317},
	publisher = {Springer},
	isbn = {978-3-319-92900-2},
	series = {Lecture Notes in Business Information Processing,   1865-1348},
	editor = {Mendling, Jan and Mouratidis, Haralambos. editor},
	doi = {10.1007/978-3-319-92901-9}
}


@misc{MichaelBridgen.14.05.2020,
	author = {{Michael Bridgen}},
	year = {14.05.2020},
	title = {Channel-oriented API reference},
	url = {https://www.npmjs.com/package/amqplib},
	urldate = {2020-06-04}
}


@misc{MichaelBridgen.25.04.2018,
	abstract = {amqplib : AMQP 0-9-1 library and client for Node.JS},
	author = {{Michael Bridgen}},
	year = {25.04.2018},
	title = {AMQP 0-9-1 library and client for Node.JS},
	url = {https://www.squaremobius.net/amqp.node/channel_api.html},
	urldate = {2020-06-04}
}


@misc{Microsoft.28.05.2020,
	abstract = {Kafka extension for Azure Functions. Contribute to Azure/azure-functions-kafka-extension development by creating an account on GitHub.},
	author = {Microsoft},
	year = {28.05.2020},
	title = {Azure Functions extensions for Apache Kafka},
	url = {https://github.com/Azure/azure-functions-kafka-extension},
	urldate = {2020-06-05}
}


@misc{Mohilo.2019,
	abstract = {Thomas Bandixen vergleicht im Interview gRPC mit REST, geht auf Vor- bzw. Nachteile der beiden ein {\&} erkl{\"a}rt, welche Rolle Istio in dem Zusammenhang spielt.},
	author = {Mohilo, Dominik},
	year = {2019},
	title = {BASTA!-Interview: {\textquotedbl}gRPC bringt Daten schneller, sicherer und optimierter ans Ziel{\textquotedbl} - entwickler.de},
	url = {https://entwickler.de/online/windowsdeveloper/grpc-basta-interview-bandixen-579908634.html},
	urldate = {2020-05-24}
}


@book{Newman.2015,
	author = {Newman, Sam},
	year = {2015},
	title = {Building microservices: Designing fine-grained systems},
	url = {http://index-of.es/Varios/Sam%20Newman-Building%20Microservices-O'Reilly%20Media%20(2015).pdf},
		keywords = {Computer architecture;Computer software;COMPUTERS / Computer Architecture;Development;Distributed operating systems (Computers);Mikroservice;Serviceorientierte Architektur;Verteiltes System},
		address = {Beijing and Sebastopol CA},
		urldate = {2020-05-16},
		edition = {First Edition},
		publisher = {{O'Reilly Media}},
		isbn = {9781491950357},
		file = {5eb37249-5487-4509-8027-0bcb7863ef80:C\:\\Users\\310299627\\AppData\\Local\\Swiss Academic Software\\Citavi 6\\ProjectCache\\y1mo3n6mha0ad4nln5dua384ajzbxizovmz6wiyo1uno6jrrxow\\Citavi Attachments\\5eb37249-5487-4509-8027-0bcb7863ef80.pdf:pdf;f9e4e8af-5c88-4b47-9449-11f22cf226db:C\:\\Users\\310299627\\AppData\\Local\\Swiss Academic Software\\Citavi 6\\ProjectCache\\y1mo3n6mha0ad4nln5dua384ajzbxizovmz6wiyo1uno6jrrxow\\Remote Attachments\\f9e4e8af-5c88-4b47-9449-11f22cf226db.pdf:pdf;a4a2494f-059a-4036-bfe6-cf7b67255889:C\:\\Users\\310299627\\AppData\\Local\\Swiss Academic Software\\Citavi 6\\ProjectCache\\y1mo3n6mha0ad4nln5dua384ajzbxizovmz6wiyo1uno6jrrxow\\Citavi Attachments\\a4a2494f-059a-4036-bfe6-cf7b67255889.pdf:pdf;b5198c77-7699-4792-9b09-66ad18cfb8a5:C\:\\Users\\310299627\\AppData\\Local\\Swiss Academic Software\\Citavi 6\\ProjectCache\\y1mo3n6mha0ad4nln5dua384ajzbxizovmz6wiyo1uno6jrrxow\\Citavi Attachments\\b5198c77-7699-4792-9b09-66ad18cfb8a5.pdf:pdf}
	}
		
		
	@book{Newman.2019,
		author = {Newman, Sam},
		year = {2019},
		title = {Monolith to Microservices: Evolutionary Patterns to Transform Your Monolith},
		url = {https://get.oreilly.com/rs/107-FMS-070/images/The-State-of-Microservices-Maturity.pdf},
		isbn = {978-1-492-07554-7},
		file = {eaad48ac-b2de-406a-a2b8-f9d11c84852f:C\:\\Users\\310299627\\AppData\\Local\\Swiss Academic Software\\Citavi 6\\ProjectCache\\y1mo3n6mha0ad4nln5dua384ajzbxizovmz6wiyo1uno6jrrxow\\Citavi Attachments\\eaad48ac-b2de-406a-a2b8-f9d11c84852f.pdf:pdf}
	}
		
		
	@misc{NewtonKing.2019,
		abstract = {Erfahren Sie, wie gRPC im Vergleich zu HTTP-APIs abschneidet und wie die empfohlenen Szenarien aussehen.},
		author = {Newton-King, James},
		year = {2019},
		title = {Vergleich von gRPC-Diensten mit HTTP-APIs},
		url = {https://docs.microsoft.com/de-de/aspnet/core/grpc/comparison?view=aspnetcore-3.1#streaming},
		urldate = {2020-05-25}
	}
		
		
	@misc{NoorainPanjwani.2020,
		abstract = {{{ service.description }}},
		author = {{Noorain Panjwani}},
		year = {2020},
		title = {How to Make Microservices Communicate},
		url = {https://dzone.com/articles/how-to-make-microservices-communicate},
		keywords = {{{ service.keywords }}},
		urldate = {5/17/2020}
	}
		
		
	@misc{npmtrends.2020,
		abstract = {Compare npm package download statistics over time: kafkajs vs kafka vs kafka-node},
		author = {{npm trends}},
		year = {2020},
		title = {kafkajs vs-kafka-vs-kafka-node},
		url = {https://www.npmtrends.com/kafkajs-vs-kafka-vs-kafka-node},
		urldate = {2020-06-04}
	}
		
		
	@misc{npmtrends.2020b,
		abstract = {Compare npm package download statistics over time: amqp vs amqplib vs bramqp vs amqp-node},
		author = {npmtrends},
		year = {2020},
		title = {amqp vs-amqplib-vs-bramqp-vs-amqp-node},
		url = {https://www.npmtrends.com/amqp-vs-amqplib-vs-bramqp-vs-amqp-node},
		urldate = {2020-06-04}
	}
		
		
	@book{Osman.2018,
		abstract = {Microservices is a popular way to build distributed systems that power modern web and mobile apps. Deploying your application as a suite of independently deployable, modular, and scalable services has many benefits. In this book, you'll learn to employ microservices to make your application more fault-tolerant and easier to scale and change.},
		author = {Osman, Paul},
		year = {2018},
		title = {Microservices development cookbook: Design and build independently deployable, modular services},
		url = {https://ebookcentral.proquest.com/lib/gbv/detail.action?docID=5507762},
		address = {Birmingham, UK},
		publisher = {{Packt Publishing}},
		isbn = {9781788479509},
		file = {a3f23829-bbee-43c6-ac24-3db3228d5cb7:C\:\\Users\\310299627\\AppData\\Local\\Swiss Academic Software\\Citavi 6\\ProjectCache\\y1mo3n6mha0ad4nln5dua384ajzbxizovmz6wiyo1uno6jrrxow\\Citavi Attachments\\a3f23829-bbee-43c6-ac24-3db3228d5cb7.pdf:pdf}
	}
		
		
	@misc{PaoloPatierno.2018,
		abstract = {{{ service.description }}},
		author = {{Paolo Patierno}},
		year = {2018},
		title = {AMQP Essentials: The Binary Transfer Protocol for Enterprise Applications and IoT},
		url = {https://dzone.com/refcardz/amqp-essentials?chapter=1},
		urldate = {2020-06-01}
	}
		
		
	@book{Porcello.2018,
		author = {Porcello, Eve and Banks, Alex},
		year = {2018},
		title = {Learning GraphQL: Declarative data fetching for modern web apps /   Eve Porcello and Alex Banks},
		price = {{\pounds}31.99},
		address = {Sebastopol, CA},
		edition = {First edition},
		publisher = {O'Reilly},
		isbn = {9781492030713},
		file = {3a09c4c4-0c70-4b83-a98b-f26c8b55b452:C\:\\Users\\310299627\\AppData\\Local\\Swiss Academic Software\\Citavi 6\\ProjectCache\\y1mo3n6mha0ad4nln5dua384ajzbxizovmz6wiyo1uno6jrrxow\\Citavi Attachments\\3a09c4c4-0c70-4b83-a98b-f26c8b55b452.pdf:pdf}
	}
		
		
	@misc{PrometheusAuthors.30.05.2020,
		abstract = {An open-source monitoring system with a dimensional data model, flexible query language, efficient time series database and modern alerting approach.},
		author = {{Prometheus Authors}},
		year = {30.05.2020},
		title = {Overview},
		url = {https://prometheus.io/docs/introduction/overview/},
		urldate = {2020-05-30}
	}
		
		
	@misc{PrometheusAuthors.30.05.2020b,
		abstract = {An open-source monitoring system with a dimensional data model, flexible query language, efficient time series database and modern alerting approach.},
		author = {{Prometheus Authors}},
		year = {30.05.2020},
		title = {Storage},
		url = {https://prometheus.io/docs/prometheus/latest/storage/},
		urldate = {2020-05-30}
	}
		
		
	@misc{PrometheusAuthors.30.05.2020c,
		abstract = {An open-source monitoring system with a dimensional data model, flexible query language, efficient time series database and modern alerting approach.},
		author = {{Prometheus Authors}},
		year = {30.05.2020},
		title = {Exporters and integrations},
		url = {https://prometheus.io/docs/instrumenting/exporters/},
		urldate = {2020-05-30}
	}
		
		
	@misc{PrometheusAuthors.30.05.2020d,
		abstract = {An open-source monitoring system with a dimensional data model, flexible query language, efficient time series database and modern alerting approach.},
		author = {{Prometheus Authors}},
		year = {30.05.2020},
		title = {Exposition formats},
		url = {https://prometheus.io/docs/instrumenting/exposition_formats/},
		urldate = {2020-05-30}
	}
		
		
	@misc{PrometheusAuthors.30.05.2020e,
		abstract = {An open-source monitoring system with a dimensional data model, flexible query language, efficient time series database and modern alerting approach.},
		author = {{Prometheus Authors}},
		year = {30.05.2020},
		title = {Comparison to alternatives},
		url = {https://prometheus.io/docs/introduction/comparison/},
		urldate = {2020-05-30}
	}
		
		
	@book{Quevedo.2018,
		author = {Quevedo, Waldemar},
		year = {2018},
		title = {Practical NATS: From beginner to pro /   Waldemar Quevedo},
		address = {New York, NY?},
		publisher = {Apress},
		isbn = {9781484235690}
	}
		
		
	@misc{RabbitMQ.2020,
		author = {RabbitMQ},
		year = {2020},
		title = {AMQP 0-9-1 Model Explained --- RabbitMQ},
		url = {https://www.rabbitmq.com/tutorials/amqp-concepts.html#exchange-direct},
		urldate = {2020-05-28}
	}
		
		
	@misc{RabbitMQ.2020b,
		author = {RabbitMQ},
		year = {2020},
		title = {Protocol Extensions --- RabbitMQ},
		url = {https://www.rabbitmq.com/extensions.html},
		urldate = {2020-05-28}
	}
		
		
	@misc{RabbitMQ.27.05.2020,
		author = {RabbitMQ},
		year = {27.05.2020},
		title = {Which protocols does RabbitMQ support? --- RabbitMQ},
		url = {https://www.rabbitmq.com/protocols.html},
		urldate = {2020-05-28},
		file = {https://www.rabbitmq.com/protocols.html}
	}
		
		
	@book{Resende.2018,
		author = {Resende, Diogo},
		year = {2018},
		title = {Hands-On Microservices with Node.js: Build, test, and deploy robust microservices in JavaScript /   Diogo Resende},
		address = {Birmingham},
		publisher = {{Packt Publishing}},
		isbn = {9781788620215}
	}
		
		
	@misc{Restfulapi.net.23.05.2020,
		abstract = {REST is an architecture style for designing networked applications. REST is a lightweight alternative to mechanisms like RPC (Remote Procedure Calls) and Web Services (SOAP) etc.},
		author = {Restfulapi.net},
		year = {23.05.2020},
		title = {What is REST -- Learn to create timeless REST APIs},
		url = {https://restfulapi.net/},
		urldate = {2020-05-24}
	}
		
		
	@misc{Richardson.20.05.2020,
		author = {Richardson, Chris},
		year = {20.05.2020},
		title = {Microservices Pattern: Application metrics},
		url = {https://microservices.io/patterns/observability/application-metrics.html},
		urldate = {2020-05-29}
	}
		
		
	@misc{RobinMoffatt.2018,
		author = {{Robin Moffatt}},
		year = {2018},
		title = {Kafka Connect Deep Dive -- Converters and Serialization Explained | Confluent},
		url = {https://www.confluent.io/blog/kafka-connect-deep-dive-converters-serialization-explained/#kafka-messages-just-bytes},
		urldate = {2020-06-01}
	}
		
		
	@misc{Rocha.2019,
		abstract = {*article is a summary of presentation carried out during APIDays Madrid 2019{\&}nbsp; {\&}nbsp; REST standard APIs are the most common, but GraphQL and gRPC APIs are gaining popularity, as well as doubts about the best application of these standards: What are the characteristics and advantages of each of these standards? What standard should we chooseRead more},
		author = {Rocha, Rafael},
		year = {2019},
		title = {APIs REST, GraphQL or gRPC -- Who wins this game?},
		url = {https://sensedia.com/en/api/apis-rest-graphql-or-grpc-who-wins-this-game/},
		urldate = {2020-05-28}
	}
		
		
	@book{Roy.2018,
		author = {Roy, Gavin M.},
		year = {2018},
		title = {RabbitMQ in depth},
		address = {Shelter Island, NY},
		publisher = {{Manning Publications}},
		isbn = {1617291005}
	}
		
		
	@article{Rudrabhatla.2018,
		author = {Rudrabhatla and Chaitanya},
		year = {2018},
		title = {Comparison of Event Choreography and Orchestration Techniques in Microservice Architecture},
		urldate = {2020-05-20},
		pages = {18--22},
		pagination = {page},
		volume = {9},
		number = {8},
		journal = {Int J Adv Comput Sci Appl},
		file = {f57ea8bc-2cee-41b1-adf7-5d99061ffb19:C\:\\Users\\310299627\\AppData\\Local\\Swiss Academic Software\\Citavi 6\\ProjectCache\\y1mo3n6mha0ad4nln5dua384ajzbxizovmz6wiyo1uno6jrrxow\\Citavi Attachments\\f57ea8bc-2cee-41b1-adf7-5d99061ffb19.pdf:pdf;813d381c-86f5-4eaa-962e-61e34d970d35:C\:\\Users\\310299627\\AppData\\Local\\Swiss Academic Software\\Citavi 6\\ProjectCache\\y1mo3n6mha0ad4nln5dua384ajzbxizovmz6wiyo1uno6jrrxow\\Remote Attachments\\813d381c-86f5-4eaa-962e-61e34d970d35.pdf:pdf}
	}
		
		
	@article{SanjayAiyagarietal.2008,
		author = {{Sanjay Aiyagari et al}},
		year = {2008},
		title = {Advanced Message Queuing Protocol Specification},
		url = {https://www.rabbitmq.com/resources/specs/amqp0-9-1.pdf},
		urldate = {2020-05-28},
		file = {0f176163-e2fb-487a-9fe5-3ec2c5501073:C\:\\Users\\310299627\\AppData\\Local\\Swiss Academic Software\\Citavi 6\\ProjectCache\\y1mo3n6mha0ad4nln5dua384ajzbxizovmz6wiyo1uno6jrrxow\\Citavi Attachments\\0f176163-e2fb-487a-9fe5-3ec2c5501073.pdf:pdf}
	}
		
		
	@article{Smith.382018,
		abstract = {Based on a talk from a recent conference, a DZone researcher discusses the three most prominent types of APIs (REST, GraphQL, and RPC) and the benefits of each.},
		author = {Smith, Tom},
		year = {2018-08-03},
		title = {APIs: RPC versus REST versus GraphQL},
		url = {https://dzone.com/articles/rpc-versus-rest-versus-graphql},
		urldate = {2020-05-24},
		journal = {DZone},
		file = {c85115d1-adfd-44bf-93d7-92a73a50911c:C\:\\Users\\310299627\\AppData\\Local\\Swiss Academic Software\\Citavi 6\\ProjectCache\\y1mo3n6mha0ad4nln5dua384ajzbxizovmz6wiyo1uno6jrrxow\\Citavi Attachments\\c85115d1-adfd-44bf-93d7-92a73a50911c.pdf:pdf}
	}
		
		
	@misc{StevenvanBeelen.29.05.2020,
		abstract = {Axon Framework extension for Kafka integration. Contribute to AxonFramework/extension-kafka development by creating an account on GitHub.},
		author = {{Steven van Beelen}},
		year = {29.05.2020},
		title = {Axon Framework - Kafka Extension},
		url = {https://github.com/AxonFramework/extension-kafka},
		urldate = {2020-06-05}
	}
		
		
	@article{Stopford.2018,
		author = {Stopford, Ben},
		year = {2018},
		title = {Designing Event-Driven Systems: Concepts and Patterns for Streaming Services with Apache Kafka},
		urldate = {2020-05-31},
		volume = {1},
		file = {Stopford - Designing Event-Driven Systems.pdf}
	}
		
		
	@misc{Sturgeon.2016,
		author = {Sturgeon, Phil},
		year = {2016},
		title = {Understanding RPC Vs REST For HTTP APIs},
		url = {https://www.smashingmagazine.com/2016/09/understanding-rest-and-rpc-for-http-apis/},
		urldate = {2020-05-25}
	}
		
		
	@misc{TheGraphQLFoundation.27.05.2020,
		abstract = {GraphQL provides a complete description of the data in your API, gives clients the power to ask for exactly what they need and nothing more, makes it easier to evolve APIs over time, and enables powerful developer tools.},
		author = {{The GraphQL Foundation}},
		year = {27.05.2020},
		title = {GraphQL: A query language for APIs},
		url = {https://graphql.org/code/},
		urldate = {2020-05-27}
	}
		
		
	@misc{ThoughtWorks.01.06.2020,
		author = {ThoughtWorks},
		year = {01.06.2020},
		title = {Technology Radar | Technieques | Event streaming as the source of truth},
		url = {https://www.thoughtworks.com/radar/techniques/event-streaming-as-the-source-of-truth},
		urldate = {2020-06-01}
	}
		
		
	@misc{ThoughtWorks.01.06.2020b,
		author = {ThoughtWorks},
		year = {01.06.2020},
		title = {Technology Radar | Tools | Apache Kafka},
		url = {https://www.thoughtworks.com/radar/tools/apache-kafka},
		urldate = {2020-06-01}
	}
		
		
	@misc{TulioOrnelas.2020,
		abstract = {To publish messages to Kafka you have to create a producer. Simply call the `producer` function of the client to create it:},
		author = {{T{\'u}lio Ornelas}},
		year = {2020},
		title = {Getting Started · KafkaJS},
		url = {https://kafka.js.org/docs/getting-started},
		urldate = {2020-06-05}
	}
		
		
	@misc{TylerTreat.2016,
		abstract = {{{ service.description }}},
		author = {{Tyler Treat}},
		year = {2016},
		title = {Benchmarking NATS Streaming and Apache Kafka},
		url = {https://dzone.com/articles/benchmarking-nats-streaming-and-apache-kafka},
		urldate = {2020-05-30}
	}
		
		
	@misc{W3CWorkingGroup.2004,
		year = {2004},
		title = {Web Services Architecture},
		url = {https://www.w3.org/TR/2004/NOTE-ws-arch-20040211/#relwwwrest},
		urldate = {2020-06-02},
		publisher = {{W3C Working Group}},
		author = {{W3C Working Group}}
	}
		
		
	@misc{Wawhal.2018,
		author = {Wawhal, Rishichandra},
		year = {2018},
		title = {The Ultimate Guide to Schema Stitching in GraphQL},
		urldate = {2020-06-03},
		file = {https://hasura.io/blog/content/images/downloaded_images/the-ultimate-guide-to-schema-stitching-in-graphql-f30178ac0072/1-_KqIWctCiD9sJ7BUuHF3vQ.png}
	}
		
		
	@misc{Wieruch.2018,
		author = {Wieruch, Robin},
		year = {2018},
		title = {Why GraphQL: Advantages and Disadvantages - RWieruch},
		url = {https://www.robinwieruch.de/why-graphql-advantages-disadvantages-alternatives#graphql-advantages},
		urldate = {2020-05-27}
	}
		
		
	@proceedings{Yu.2008,
		year = {2008},
		title = {Proceedings of the International Symposium on Electronic Commerce and Security  August 3-5, 2008, Guangzhou, China},
		address = {Los Alamitos Calif.},
		publisher = {{IEEE Computer Society}},
		isbn = {978-0-7695-3258-5},
		editor = {Yu, Fei},
		institution = {{IEEE Computer Society}}
	}
		
		
	@inproceedings{Zhou.2008,
		abstract = {2008 International Symposium on Electronic Commerce and Security;2008; ; ;10.1109/ISECS.2008.10},
		author = {Zhou, Tao},
		title = {Exploring Mobile User Acceptance Based on UTAUT and Contextual Offering},
		urldate = {2020-05-20},
		pages = {241--245},
		bookpagination = {page},
		publisher = {{IEEE Computer Society}},
		isbn = {978-0-7695-3258-5},
		editor = {Yu, Fei},
		booktitle = {Proceedings of the International Symposium on Electronic Commerce and Security  August 3-5, 2008, Guangzhou, China},
		year = {2008},
		address = {Los Alamitos Calif.},
		doi = {10.1109/ISECS.2008.10},
		file = {03f85c74-ed3b-46f1-aaf9-9404a2184fca:C\:\\Users\\310299627\\AppData\\Local\\Swiss Academic Software\\Citavi 6\\ProjectCache\\y1mo3n6mha0ad4nln5dua384ajzbxizovmz6wiyo1uno6jrrxow\\Citavi Attachments\\03f85c74-ed3b-46f1-aaf9-9404a2184fca.pdf:pdf}
	}
		
		
	@book{Ziade.2017,
		author = {Ziad{\'e}, Tarek},
		year = {2017},
		title = {Python microservices development: Build, test, deploy, and scale microservices in Python /   Tarek Ziad{\'e}},
		keywords = {Application software   Development;Python (Computer program language)},
		address = {Birmingham, UK},
		publisher = {{Packt Publishing}},
		isbn = {9781785881114}
	}
		
		
